@book{leskovec2014mining,
  title={Mining of Massive Datasets},
  author={Leskovec, J. and Rajaraman, A. and Ullman, J.D.},
  isbn={9781107077232},
  lccn={2015300734},
  url={https://books.google.hr/books?id=1l-WoAEACAAJ},
  year={2014},
  publisher={Cambridge University Press}
}

@article{article,
  author  = {Martina Holenko Dlab}, 
  title   = {Primjena sustava za preporuke kod hipermedijske programske potpore za učenje},
  journal = {Odjel za informatiku Sveučilišta u Rijeci},
  url	  = {https://www.fer.unizg.hr/_download/repository/Holenko_Dlab_kvalifikacijski.pdf}
}

@INPROCEEDINGS{Pazzani07content-basedrecommendation,
    author = {Michael J. Pazzani and Daniel Billsus},
    title = { Content-based recommendation systems},
    booktitle = {THE ADAPTIVE WEB: METHODS AND STRATEGIES OF WEB PERSONALIZATION. VOLUME 4321 OF LECTURE NOTES IN COMPUTER SCIENCE},
    year = {2007},
    pages = {325--341},
    publisher = {Springer-Verlag}
}

@MISC{Melville_recommendersystems,
    author = {Prem Melville and Vikas Sindhwani},
    title = {Recommender Systems},
    year = {}
}
